@article{Sigrist2014,
  doi = {10.1111/rssb.12061},
  url = {https://doi.org/10.1111/rssb.12061},
  year = {2014},
  month = mar,
  publisher = {Wiley},
  volume = {77},
  number = {1},
  pages = {3--33},
  author = {Fabio Sigrist and Hans R. K\"{u}nsch and Werner A. Stahel},
  title = {Stochastic partial differential equation based modelling of large space-time data sets},
  journal = {Journal of the Royal Statistical Society: Series B (Statistical Methodology)}
}

@article{whittle1963stochastic,
  title={Stochastic-processes in several dimensions},
  author={Whittle, Peter},
  journal={Bulletin of the International Statistical Institute},
  volume={40},
  number={2},
  pages={974--994},
  year={1963},
  publisher={INT STATISTICAL INSTITUTE 428 PRINSES BEATRIXLAEN, VOORBURG, NETHERLANDS}
}

@article{hu2013multivariate,
  title={Multivariate Gaussian random fields using systems of stochastic partial differential equations},
  author={Hu, Xiangping and Simpson, Daniel and Lindgren, Finn and Rue, H{\aa}vard},
  journal={arXiv preprint arXiv:1307.1379},
  year={2013}
}