@article{Vatiwutipong2019,
  doi = {10.1186/s13662-019-2214-1},
  url = {https://doi.org/10.1186/s13662-019-2214-1},
  year = {2019},
  month = jul,
  publisher = {Springer Science and Business Media {LLC}},
  volume = {2019},
  number = {1},
  author = {P. Vatiwutipong and N. Phewchean},
  title = {Alternative way to derive the distribution of the multivariate Ornstein-Uhlenbeck process},
  journal = {Advances in Difference Equations}
}